<?xml version="1.0" encoding="UTF-8"?><record xmlns="http://www.loc.gov/MARC21/slim" xmlns:cinclude="http://apache.org/cocoon/include/1.0" xmlns:zs="http://www.loc.gov/zing/srw/">
  <leader>01068cz  a2200205n  4500</leader>
  <controlfield tag="001">n 2010209454</controlfield>
  <controlfield tag="003">DLC</controlfield>
  <controlfield tag="005">20130502074950.0</controlfield>
  <controlfield tag="008">110303n| azannaabn          |a aaa      </controlfield>
  <datafield tag="010" ind1=" " ind2=" ">
    <subfield code="a">n 2010209454</subfield>
  </datafield>
  <datafield tag="035" ind1=" " ind2=" ">
    <subfield code="a">(OCoLC)oca08786498</subfield>
  </datafield>
  <datafield tag="040" ind1=" " ind2=" ">
    <subfield code="a">DLC</subfield>
    <subfield code="b">eng</subfield>
    <subfield code="e">rda</subfield>
    <subfield code="c">DLC</subfield>
    <subfield code="d">InU</subfield>
    <subfield code="d">DLC</subfield>
  </datafield>
  <datafield tag="100" ind1="0" ind2=" ">
    <subfield code="a">Someśvaradeva,</subfield>
    <subfield code="d">active 13th century.</subfield>
    <subfield code="t">Kīrtikaumudī</subfield>
  </datafield>
  <datafield tag="400" ind1="0" ind2=" ">
    <subfield code="w">nnea</subfield>
    <subfield code="a">Someśvaradeva,</subfield>
    <subfield code="d">13th cent.</subfield>
    <subfield code="t">Kīrtikaumudī</subfield>
  </datafield>
  <datafield tag="400" ind1="0" ind2=" ">
    <subfield code="a">Someśvaradeva,</subfield>
    <subfield code="d">active 13th century.</subfield>
    <subfield code="t">Kīrttikaumudī</subfield>
  </datafield>
  <datafield tag="400" ind1="0" ind2=" ">
    <subfield code="a">Someśvaradeva,</subfield>
    <subfield code="d">active 13th century.</subfield>
    <subfield code="t">Kīrttikaumudīmahākāvya</subfield>
  </datafield>
  <datafield tag="400" ind1="0" ind2=" ">
    <subfield code="a">Someśvaradeva,</subfield>
    <subfield code="d">active 13th century.</subfield>
    <subfield code="t">Kīrttikaumudīmahākāvyam</subfield>
  </datafield>
  <datafield tag="400" ind1="0" ind2=" ">
    <subfield code="a">Someśvaradeva,</subfield>
    <subfield code="d">active 13th century.</subfield>
    <subfield code="t">Mahākavisomeśvaradevaviracitaṃ Kīrttikaumudīmahākāvyam</subfield>
  </datafield>
  <datafield tag="670" ind1=" " ind2=" ">
    <subfield code="a">Mahākavisomeśvaradevaviracitaṃ Kīrttikaumudīmahākāvyam, 2010.</subfield>
  </datafield>
  <datafield tag="670" ind1=" " ind2=" ">
    <subfield code="a">New cat. cat.:</subfield>
    <subfield code="b">v. 4 (Kīrtīkaumudī campukāvya in 9 cantos on the life of Vastupāla, minister of Lavanaprasada and Viradhavala, Vaghela rulers by Somesvaradeva, 1179-1268 A.D.)</subfield>
  </datafield>
</record>